@misc{hf-smollm2-collection,
 author = {HuggingFace},
 title = {SmolLM2},
 note = {State-of-the-art compact LLMs for on-device applications: 1.7B, 360M, 135M},
 year = {2024},
 url = {https://huggingface.co/collections/HuggingFaceTB/smollm2-6723884218bcda64b34d7db9},
 howpublished = {\url{https://huggingface.co/collections/HuggingFaceTB/smollm2-6723884218bcda64b34d7db9}}
}

@misc{hf-smollm-usecase,
 author = {HuggingFace},
 title = {SmolLM - blazingly fast and remarkably powerful},
 note = {},
 year = {2024},
 url = {https://huggingface.co/blog/smollm},
 howpublished = {\url{https://huggingface.co/blog/smollm}}
}

@misc{hf-smollm2-135M,
 author = {HuggingFace},
 title = {SmolLM2-135M},
 note = {Page linking to the model download used.},
 year = {2024},
 url = {https://huggingface.co/HuggingFaceTB/SmolLM2-135M},
 howpublished = {\url{https://huggingface.co/HuggingFaceTB/SmolLM2-135M}}
}

@misc{hf-smollm2-360M,
 author = {HuggingFace},
 title = {SmolLM2-360M},
 note = {Page linking to the model download used.},
 year = {2024},
 url = {https://huggingface.co/HuggingFaceTB/SmolLM2-360M},
 howpublished = {\url{https://huggingface.co/HuggingFaceTB/SmolLM2-360M}}
}

@misc{hf-smollm2-1.7B,
 author = {HuggingFace},
 title = {SmolLM2-1.7B},
 note = {Page linking to the model download used.},
 year = {2024},
 url = {https://huggingface.co/HuggingFaceTB/SmolLM2-1.7B},
 howpublished = {\url{https://huggingface.co/HuggingFaceTB/SmolLM2-1.7B}}
}

% The website says to use this citation when citing the dataset
% https://ai.stanford.edu/~amaas/data/sentiment/
% https://huggingface.co/datasets/stanfordnlp/imdb
@InProceedings{IMDB-dataset,
  author    = {Maas, Andrew L.  and  Daly, Raymond E.  and  Pham, Peter T.  and  Huang, Dan  and  Ng, Andrew Y.  and  Potts, Christopher},
  title     = {Learning Word Vectors for Sentiment Analysis},
  booktitle = {Proceedings of the 49th Annual Meeting of the Association for Computational Linguistics: Human Language Technologies},
  month     = {June},
  year      = {2011},
  address   = {Portland, Oregon, USA},
  publisher = {Association for Computational Linguistics},
  pages     = {142--150},
  url       = {http://www.aclweb.org/anthology/P11-1015}
}









@article{Alpher02,
author = {FirstName Alpher},
title = {Frobnication},
journal = {Journal of Foo},
volume = 12, 
number = 1, 
pages = {234--778}, 
year = 2002
}

@article{Alpher03,
author = {FirstName Alpher and  FirstName Fotheringham-Smythe},
title = {Frobnication revisited},
journal = {Journal of Foo},
volume = 13, 
number = 1, 
pages = {234--778}, 
year = 2003
}

@article{Alpher04,
author = {FirstName Alpher and FirstName Fotheringham-Smythe and FirstName Gamow},
title = {Can a machine frobnicate?},
journal = {Journal of Foo},
volume = 14, 
number = 1, 
pages = {234--778}, 
year = 2004
}
